@book{diabetes,
author= {Chubbs, Dawn O },
Title = {Primary Care Provider Adherence to the Canadian Diabetes Association Clinical Practice Guideline for Chronic Kidney Disease.},
Year = {2017},
Publisher = {ScholarWorks@UMass Amherst},
}


@InProceedings{pima,
  author =       {Jack W. Smith and J. E. Everhart and W. C. Dickson and W. C. Knowler and R. S. Johannes}, 
  title =        {Using the ADAP learning algorithm to forecast the onset of diabetes mellitus},
  booktitle =    {Proceedings of the Annual Symposium on Computer Application in Medical Care},
  pages =        {261-265},
  year =         {1988}
 }
 
 
@Book{pima_d,
    title = {Modern Applied Statistics with S},
    author = {W. N. Venables and B. D. Ripley},
    publisher = {Springer},
    edition = {Fourth},
    address = {New York},
    year = {2002},
    note = {ISBN 0-387-95457-0},
    url = {http://www.stats.ox.ac.uk/pub/MASS4},
  }


@Manual{Rprog,
    title = {R: A Language and Environment for Statistical Computing},
    author = {{R Core Team}},
    organization = {R Foundation for Statistical Computing},
    address = {Vienna, Austria},
    year = {2018},
    url = {http://www.R-project.org/},
  }
  
  @Book{ggplot2,
    author = {Hadley Wickham},
    title = {ggplot2: Elegant Graphics for Data Analysis},
    publisher = {Springer-Verlag New York},
    year = {2016},
    isbn = {978-3-319-24277-4},
    url = {http://ggplot2.org},
  }
  
  @article{imbalance, 
author={Zhi-Hua Zhou and Xu-Ying Liu}, 
journal={IEEE Transactions on Knowledge and Data Engineering}, 
title={Training cost-sensitive neural networks with methods addressing the class imbalance problem}, 
year={2006}, 
volume={18}, 
number={1}, 
pages={63-77}, 
doi={10.1109/TKDE.2006.17}, 
ISSN={1041-4347}, 
month={Jan},}
}


@Article{teigen,
  title = {Model-based clustering, classification, and discriminant analysis via mixtures of multivariate t-distributions},
  author = {Jeffrey L. Andrews and Paul D. McNicholas},
  journal = {Statistics and Computing},
  volume = {22},
  number = {5},
  pages = {1021--1029},
  year = {2012},
}

 @Manual{mixGHD,
    title = {MixGHD: Model Based Clustering, Classification and Discriminant Analysis
Using the Mixture of Generalized Hyperbolic Distributions},
    author = {Cristina Tortora and Aisha ElSherbiny and Ryan P. Browne and Brian C. Franczak and and Paul D. McNicholas and Amos Donald D..},
    year = {2018},
    note = {R package version 2.2},
    url = {https://CRAN.R-project.org/package=MixGHD},
  }
  
  @Manual{gbm,
    title = {gbm: Generalized Boosted Regression Models},
    author = {Brandon Greenwell and Bradley Boehmke and Jay Cunningham and GBM Developers},
    year = {2018},
    note = {R package version 2.1.4},
    url = {https://CRAN.R-project.org/package=gbm},
  }
  
  
  @ARTICLE{hyper,
   author = {{Tortora}, C. and {Franczak}, B.~C. and {Browne}, R.~P. and 
	{McNicholas}, P.~D.},
    title = "{A Mixture of Coalesced Generalized Hyperbolic Distributions}",
  journal = {ArXiv e-prints},
archivePrefix = "arXiv",
   eprint = {1403.2332},
 primaryClass = "stat.ME",
 keywords = {Statistics - Methodology},
     year = 2014,
    month = mar,
   adsurl = {http://adsabs.harvard.edu/abs/2014arXiv1403.2332T},
  adsnote = {Provided by the SAO/NASA Astrophysics Data System}
}


@Article{dempster,
  author =	 {Dempster, A. P. and Laird, N. M. and Rubin,  D. B.},
  title =	 {Maximum Likelihood from Incomplete Data Via the
                  {EM}-Algorithm},
  journal =	 {Journal of the Royal Statistical Society B},
  volume =	 39,
  pages =	 {1--38},
  year =	 1977
}



@book{mixdist, 
title = {Mixture Model-Based Classification},
author = {Paul D. McNicholas},
year = {2015} ,
publisher = {Chapman and Hall}
}

@article{gradientboost,
  author    = {Tianqi Chen and
               Carlos Guestrin},
  title     = {XGBoost: {A} Scalable Tree Boosting System},
  journal   = {CoRR},
  volume    = {abs/1603.02754},
  year      = {2016},
  url       = {http://arxiv.org/abs/1603.02754},
  archivePrefix = {arXiv},
  eprint    = {1603.02754},
  timestamp = {Mon, 13 Aug 2018 16:47:00 +0200},
  biburl    = {https://dblp.org/rec/bib/journals/corr/ChenG16},
  bibsource = {dblp computer science bibliography, https://dblp.org}
}



  @Manual{caret,
    title = {caret: Classification and Regression Training},
    author = {Max Kuhn, Jed Wing and Steve Weston and Andre Williams and Chris Keefer and Allan Engelhardt and Tony Cooper and Zachary Mayer and Brenton Kenkel and the R Core Team and Michael Benesty and Reynald Lescarbeau and Andrew Ziem and Luca Scrucca and Yuan Tang and Can Candan and Tyler Hunt.},
    year = {2018},
    note = {R package version 6.0-80},
    url = {https://CRAN.R-project.org/package=caret},
  }